@article{dyer2013large,
	title={A large-scale empirical study of Java language feature usage},
	author={Dyer, Robert and Rajan, Hridesh and Nguyen, Hoan Anh and Nguyen, Tien N},
	year={2013}
}

@inproceedings{Parnin:2011:JGA:1985441.1985446,
	author = {Parnin, Chris and Bird, Christian and Murphy-Hill, Emerson},
	title = {Java Generics Adoption: How New Features Are Introduced, Championed, or Ignored},
	booktitle = {Proceedings of the 8th Working Conference on Mining Software Repositories},
	series = {MSR '11},
	year = {2011},
	isbn = {978-1-4503-0574-7},
	location = {Waikiki, Honolulu, HI, USA},
	pages = {3--12},
	numpages = {10},
	url = {http://doi.acm.org/10.1145/1985441.1985446},
	doi = {10.1145/1985441.1985446},
	acmid = {1985446},
	publisher = {ACM},
	address = {New York, NY, USA},
	keywords = {generics, java, languages, post-mortem analysis},
} 


@book{Gamma:1995:DPE:186897,
	author = {Gamma, Erich and Helm, Richard and Johnson, Ralph and Vlissides, John},
	title = {Design Patterns: Elements of Reusable Object-oriented Software},
	year = {1995},
	isbn = {0-201-63361-2},
	publisher = {Addison-Wesley Longman Publishing Co., Inc.},
	address = {Boston, MA, USA},
} 


@book{Java8Lambdas,
	author = {Richard Warburton},
	title = {Java 8 Lambdas: Functional Programming For The Masses 1st Edition},
	year = {2014},
	isbn = {1449370772},
	publisher = {O'Reilly Media; 1 edition (April 7, 2014)},
	address = {},
} 










@ARTICLE{bowman:reasoning,
	AUTHOR = "Jeffrey L. Overbey and Ralph E. Johnson",
	TITLE = "Regrowing a Language",
	JOURNAL = "ACM Trans. Program. Lang. Syst.",
	VOLUME = {15},
	NUMBER = {5},
	PAGES = {795-825},
	MONTH = "October",
	YEAR = {2009}	}

@ARTICLE{braams:babel,
	AUTHOR = "Chris Parnin and Christian Bird and Emerson Murphy-Hill",
	TITLE = "Java Generics Adoption: How New Features are Introduced, Championed, or Ignored",
	JOURNAL = {TUGboat},
	VOLUME = {12},
	NUMBER = {2},
	PAGES = {291-301},
	MONTH = "May",
	YEAR = {2011}	}

@INPROCEEDINGS{clark:pct,
	AUTHOR = "Malcolm Clark",
	TITLE = "Post Congress Tristesse",
	BOOKTITLE = "TeX90 Conference Proceedings",
	PAGES = "84-89",
	ORGANIZATION = "TeX Users Group",
	MONTH = "March", 
	YEAR = {1991}	}

@ARTICLE{herlihy:methodology,
	AUTHOR = "Maurice Herlihy",
	TITLE = "A Methodology for Implementing Highly Concurrent
	Data Objects",
	JOURNAL = {ACM Trans. Program. Lang. Syst.},
	VOLUME = {15},
	NUMBER = {5},
	PAGES = {745-770},
	MONTH = "November",
	YEAR = {1993}	}

@BOOK{Lamport:LaTeX,
	AUTHOR = "Leslie Lamport",
	TITLE = "LaTeX User's Guide and Document Reference Manual",
	PUBLISHER = "Addison-Wesley Publishing Company",
	ADDRESS = "Reading, Massachusetts",
	YEAR = "1986"	}

@BOOK{salas:calculus,
	AUTHOR = "S.L. Salas and Einar Hille",
	TITLE = "Calculus: One and Several Variable",
	PUBLISHER = "John Wiley and Sons",
	ADDRESS = "New York",
	YEAR = "1978"	}